<?xml version="1.0" encoding="utf-8"?>
<record xmlns="http://www.loc.gov/MARC21/slim" xmlns:xsi="http://www.w3.org/2001/XMLSchema-instance" xsi:schemaLocation="http://www.loc.gov/MARC21/slim http://www.loc.gov/standards/marcxml/schema/MARC21slim.xsd">
	<leader>     nam a22     Mi 4500</leader>
	<controlfield tag="001">3239356</controlfield>
	<controlfield tag="003">NjP</controlfield>
	<controlfield tag="006">m        d        </controlfield>
	<controlfield tag="007">cr cn |||m|||a</controlfield>
	<controlfield tag="008">210331s189u    ua      o     000 0 ara d</controlfield>
	<datafield ind1=" " ind2=" " tag="040">
		<subfield code="a">ZYU</subfield>
		<subfield code="b">ara</subfield>
		<subfield code="e">rda</subfield>
		<subfield code="c">ZYU</subfield>
	</datafield>
	<datafield ind1="1" ind2=" " tag="100">
		<subfield code="6">880-01</subfield>
		<subfield code="a">Isfarāyīnī, Ibrāhīm ibn Muḥammad,</subfield>
		<subfield code="d">-1027 or 1028.</subfield>
	</datafield>
	<datafield ind1="1" ind2="0" tag="240">
		<subfield code="6">880-02</subfield>
		<subfield code="a">Nūr al-ʻayn fī mashhad al-Ḥusayn</subfield>
	</datafield>
	<datafield ind1="1" ind2="0" tag="245">
		<subfield code="6">880-03</subfield>
		<subfield code="a">Kitāb Nūr al-ʻayn fī mashhad al-Ḥusayn /</subfield>
		<subfield code="c">Abī Isḥāq al-Isfarāyīnī. Wa-yalīhā Qurrat al-ʻayn fī akhdh thaʼr al-Ḥusayn / lil-Imām ʻAbd Allāh ibn Muḥammad.</subfield>
	</datafield>
	<datafield ind1="3" ind2="0" tag="246">
		<subfield code="6">880-04</subfield>
		<subfield code="a">Nūr al-ʻayn fī mashhad al-Ḥusayn</subfield>
	</datafield>
	<datafield ind1="3" ind2=" " tag="246">
		<subfield code="6">880-05</subfield>
		<subfield code="a">Qurrat al-ʻayn fī akhdh thaʼr al-Ḥusayn</subfield>
	</datafield>
	<datafield ind1=" " ind2=" " tag="260">
		<subfield code="6">880-06</subfield>
		<subfield code="a">Miṣr :</subfield>
		<subfield code="b">Maṭbaʻat al-ʻUlūm al-Adabīyah,</subfield>
		<subfield code="c">[189--?]</subfield>
	</datafield>
	<datafield ind1=" " ind2=" " tag="300">
		<subfield code="a">online resource (40 pages)</subfield>
	</datafield>
	<datafield ind1=" " ind2=" " tag="336">
		<subfield code="a">text</subfield>
		<subfield code="2">rdacontent</subfield>
	</datafield>
	<datafield ind1=" " ind2=" " tag="337">
		<subfield code="a">computer</subfield>
		<subfield code="2">rdamedia</subfield>
	</datafield>
	<datafield ind1=" " ind2=" " tag="338">
		<subfield code="a">online resource</subfield>
		<subfield code="2">rdacarrier</subfield>
	</datafield>
	<datafield ind1=" " ind2=" " tag="500">
		<subfield code="a">Cover title.</subfield>
	</datafield>
	<datafield ind1=" " ind2=" " tag="500">
		<subfield code="a">Part of the Arabic Collections Online (ACO) project, contributed by Princeton University Libraries.</subfield>
	</datafield>
	<datafield ind1=" " ind2=" " tag="533">
		<subfield code="a">Electronic reproduction.</subfield>
		<subfield code="b">New York, N.Y. :</subfield>
		<subfield code="c">New York University,</subfield>
		<subfield code="d">2021.</subfield>
		<subfield code="5">NNU</subfield>
	</datafield>
	<datafield ind1="0" ind2="0" tag="600">
		<subfield code="a">Ḥusayn ibn ʻAlī,</subfield>
		<subfield code="d">-680.</subfield>
	</datafield>
	<datafield ind1="0" ind2="7" tag="600">
		<subfield code="a">Ḥusayn ibn ʻAlī,</subfield>
		<subfield code="d">-680.</subfield>
		<subfield code="2">fast</subfield>
		<subfield code="0">(OCoLC)fst01825184</subfield>
	</datafield>
	<datafield ind1="0" ind2="2" tag="700">
		<subfield code="6">880-07</subfield>
		<subfield code="a">Abū ʻAbd Allāh ibn Muḥammad.</subfield>
		<subfield code="t">Qurrat al-ʻayn fī akhdh thaʼr al-Ḥusayn.</subfield>
	</datafield>
	<datafield ind1="2" ind2=" " tag="710">
		<subfield code="a">Princeton University.</subfield>
		<subfield code="b">Library.</subfield>
	</datafield>
	<datafield ind1="0" ind2=" " tag="730">
		<subfield code="a">Arabic Collections Online.</subfield>
	</datafield>
	<datafield ind1="0" ind2="8" tag="776">
		<subfield code="i">Online version:</subfield>
		<subfield code="a">Isfarāyīnī, Ibrāhīm ibn Muḥammad, -1027 or 8.</subfield>
		<subfield code="s">Nūr al-ʻayn fī mashhad al-Ḥusayn.</subfield>
		<subfield code="t">Kitāb Nūr al-ʻayn fī mashhad al-Ḥusayn.</subfield>
		<subfield code="d">Miṣr : Maṭbaʻat al-ʻUlūm al-Adabīyah, [189--?]</subfield>
		<subfield code="w">(OCoLC)663664088</subfield>
	</datafield>
	<datafield ind1="0" ind2="8" tag="776">
		<subfield code="i">Print version:</subfield>
		<subfield code="a">Isfarāyīnī, Ibrāhīm ibn Muḥammad, -1027 or 1028.</subfield>
		<subfield code="t">Kitāb Nūr al-ʻayn fī mashhad al-Ḥusayn</subfield>
		<subfield code="w">(NjP)3239356</subfield>
		<subfield code="w">(OCoLC)49367292</subfield>
	</datafield>
	<datafield ind1="4" ind2="0" tag="856">
		<subfield code="u">http://hdl.handle.net/2333.1/3tx9679f</subfield>
	</datafield>
	<datafield ind1="1" ind2=" " tag="880">
		<subfield code="6">100-01</subfield>
		<subfield code="a">اسفراييني، ابراهيم بن محمد،</subfield>
		<subfield code="d">-1027 or 1028.</subfield>
	</datafield>
	<datafield ind1="1" ind2="0" tag="880">
		<subfield code="6">240-02</subfield>
		<subfield code="a">نور العين في مشهد الحسين</subfield>
	</datafield>
	<datafield ind1="1" ind2="0" tag="880">
		<subfield code="6">245-03</subfield>
		<subfield code="a">كتاب نور العين في مشهد الحسين /</subfield>
		<subfield code="c">ابي اسحاق الاسفراييني. ويليها قرة العين في اخذ ثأر الحسين / للامام عبد الله بن محمد.</subfield>
	</datafield>
	<datafield ind1="3" ind2="0" tag="880">
		<subfield code="6">246-04</subfield>
		<subfield code="a">نور العين في مشهد الحسين</subfield>
	</datafield>
	<datafield ind1="3" ind2=" " tag="880">
		<subfield code="6">246-05</subfield>
		<subfield code="a">قرة العين في اخذ ثأر الحسين</subfield>
	</datafield>
	<datafield ind1=" " ind2=" " tag="880">
		<subfield code="6">260-06</subfield>
		<subfield code="a">مصر :</subfield>
		<subfield code="b">مطبعة العلوم الادبية،</subfield>
		<subfield code="c">[189--?]</subfield>
	</datafield>
	<datafield ind1="0" ind2="2" tag="880">
		<subfield code="6">700-07</subfield>
		<subfield code="a">ابو عبد الله بن محمد.</subfield>
		<subfield code="t">قرة العين في اخذ ثأر الحسين.</subfield>
	</datafield>
	<datafield ind1=" " ind2=" " tag="959">
		<subfield code="a">NNU</subfield>
		<subfield code="b">WEB</subfield>
		<subfield code="c">GENI</subfield>
		<subfield code="t">0</subfield>
		<subfield code="m">Electronic access</subfield>
		<subfield code="s">01</subfield>
	</datafield>
	<datafield ind1=" " ind2=" " tag="999">
		<subfield code="i">NjP_3239356</subfield>
		<subfield code="o">(OCoLC)ocm49367292</subfield>
		<subfield code="s">princeton_aco004462:</subfield>
		<subfield code="e">(ERROR-MISC)</subfield>
		<subfield code="s">princeton_aco004462:</subfield>
	</datafield>
</record>
